@ARTICLE{1986ApJ...310..568B,
   author = {{Blandford}, R. and {Narayan}, R.},
    title = "{Fermat's principle, caustics, and the classification of gravitational lens images}",
  journal = {\apj},
 keywords = {CAUSTICS (OPTICS), FERMAT PRINCIPLE, GRAVITATIONAL LENSES, QUASARS, CATASTROPHE THEORY, CUSPS (MATHEMATICS), DARK MATTER, DENSITY DISTRIBUTION, ELLIPTICAL GALAXIES, GALACTIC CLUSTERS},
     year = 1986,
    month = nov,
   volume = 310,
    pages = {568-582},
      doi = {10.1086/164709},
   adsurl = {http://adsabs.harvard.edu/abs/1986ApJ...310..568B},
  adsnote = {Provided by the SAO/NASA Astrophysics Data System}
}

